@article{fox2014joint,
  title={Joint modeling of multiple time series via the beta process with application to motion capture segmentation},
  author={Fox, Emily B and Hughes, Michael C and Sudderth, Erik B and Jordan, Michael I and others},
  journal={The Annals of Applied Statistics},
  volume={8},
  number={3},
  pages={1281--1313},
  year={2014},
  publisher={Institute of Mathematical Statistics}
}


@article{konidaris2012robot,
  title={Robot learning from demonstration by constructing skill trees},
  author={Konidaris, George and Kuindersma, Scott and Grupen, Roderic and Barto, Andrew},
  journal={The International Journal of Robotics Research},
  volume={31},
  number={3},
  pages={360--375},
  year={2012},
  publisher={SAGE Publications Sage UK: London, England}
}